!ACCNT	NAME	ACCNTTYPE	DESC	ACCNUM	EXTRA																										
ACCNT	Accounts Receivable	AR		1200																											
ACCNT	Construction:Labor	INC		4100																											
ACCNT	Construction:Materials	INC		4200																											
ACCNT	Inventory Asset	OCASSET		1120	INVENTORYASSET																										
ACCNT	Cost of Goods Sold	COGS	Cost of Goods Sold	5000	COGS																										
ACCNT	Sales Tax Payable	OCLIAB		2200	SALESTAX																										
!INVITEM	NAME	INVITEMTYPE	DESC	PURCHASEDESC	ACCNT	ASSETACCNT	COGSACCNT	PRICE	COST	TAXABLE	PAYMETH	TAXVEND	TAXDIST	PREFVEND	REORDERPOINT	EXTRA															
INVITEM	Framing	SERV	Framing labor		Construction:Labor			55	0	Y																					
INVITEM	Wood Door:Exterior	INVENTORY	Exterior wood door	Exterior door - #P-10981	Construction:Materials	Inventory Asset	Cost of Goods Sold	120	105	Y				Perry Windows & Doors	5																
INVITEM	Hardware:Doorknobs Std	INVENTORY	Standard Doorknobs	Doorknobs Part # DK 3704	Construction:Materials	Inventory Asset	Cost of Goods Sold	30	27	Y				Patton Hardware Supplies	50																
INVITEM	San Tomas	COMPTAX	"CA sales tax, San Tomas County"		Sales Tax Payable			7.75%	0	N		Sales Tax Vendor										0	N	N	0	N					
!CLASS	NAME																														
CLASS	class																														
!CUST	NAME	BADDR1	BADDR2	BADDR3	BADDR4	BADDR5	SADDR1	SADDR2	SADDR3	SADDR4	SADDR5	PHONE1	PHONE2	FAXNUM	EMAIL	NOTE	CONT1	CONT2	CTYPE	TERMS	TAXABLE	LIMIT	RESALENUM	REP	TAXITEM	NOTEPAD	SALUTATION	COMPANYNAME	FIRSTNAME	MIDINIT	LASTNAME
CUST	Customer	Joe Customer	444 Road Rd	"Anywhere, AZ 85740"	USA							5554443333					Joe Customer				N								Joe		Customer
!VEND	NAME	PRINTAS	ADDR1	ADDR2	ADDR3	ADDR4	ADDR5	VTYPE	CONT1	CONT2	PHONE1	PHONE2	FAXNUM	EMAIL	NOTE	TAXID	LIMIT	TERMS	NOTEPAD	SALUTATION	COMPANYNAME	FIRSTNAME	MIDINIT	LASTNAME
VEND	Sales Tax Vendor		Jon Vendor	555 Street St	"Anywhere, AZ 85730"	USA			Jon Vendor		5555555555											Jon		Vendor
!TRNS	TRNSID	TRNSTYPE	DATE	ACCNT	NAME	CLASS	AMOUNT	DOCNUM	MEMO	CLEAR	TOPRINT	NAMEISTAXABLE	ADDR1	ADDR3	TERMS									
!SPL	SPLID	TRNSTYPE	DATE	ACCNT	NAME	CLASS	AMOUNT	DOCNUM	MEMO	CLEAR	QNTY	PRICE	INVITEM	TAXABLE	EXTRA									
!ENDTRNS																								
TRNS		INVOICE	7/16/98	Accounts Receivable	Customer		220.89	1		N	Y	Y												
SPL		INVOICE	7/16/98	Construction:Labor			-55		Framing labor	N		55	Framing	Y										
SPL		INVOICE	7/16/98	Construction:Materials			-120		Exterior wood door	N		120	Wood Door:Exterior	Y										
SPL		INVOICE	7/16/98	Construction:Materials			-30		Standard Doorknobs	N		30	Hardware:Doorknobs Std	Y										
SPL		INVOICE	7/16/98	Sales Tax Payable	Sales Tax Vendor		-15.89	1		N		7.75%	San Tomas	N	AUTOSTAX									
ENDTRNS																								
